3259 4675
663 527 784 654 (227')

277 651 369 734 Illi:
387 677 461 754 pars
484 650 606 762 vigiles
634 655 719 729 turri
741 639 955 753 ιριιιιῐιιιωι
980 657 1023 732 ab
1049 653 1117 734 alta

276 758 442 860 Principis
466 749 694 842 advennrms
726 758 834 834 donec
871 785 942 835 vox
978 763 1077 837 missa
1106 789 1168 862 per

384 883 477 937 auras

275 965 456 1044 insonuit:
471 966 568 1042 Venit
582 992 668 1057 ecce,
686 949 790 1042 veru.
803 964 924 1065 Caput
935 988 1041 1043 exerit
1054 966 1168 1059 undis,

275 1069 321 1149 In
337 1068 514 1246 liquiqum
528 1087 682 1145 montem
696 1071 816 1175 Tagus
844 1097 954 1208 usque
978 1072 1022 1148 ad
1051 1071 1170 1148 nubila

279 1207 284 1218 ¹
380 1197 465 1248 coer
1158 1233 1166 1240 .

275 1276 447 1354 Attollens
472 1301 562 1367 sese,
589 1301 628 1351 ac
652 1276 845 1353 venientem
868 1275 993 1377 pronus
1014 1277 1141 1355 adorat.

274 1379 391 1480 Capta
418 1379 486 1454 loci
512 1378 645 1479 specie,
666 1405 770 1456 curru
792 1380 949 1456 sublimis
965 1385 1006 1458 ab
1022 1383 1116 1474 alto,

272 1481 321 1560 Et
350 1509 487 1559 nemora
516 1503 551 1560 et
574 1481 675 1560 silvas
691 1482 942 1588 ,fluviumque
967 1508 1002 1562 et
1029 1507 1168 1563 amoena

384 1586 510 1677 vireta,
1156 1636 1163 1658 ι

272 1691 367 1785 Qure
382 1644 612 1816 circurrijestos
637 1689 796 1790 decorant
810 1691 918 1795 longo
942 1643 1060 1771 ordine
1074 1719 1168 1769 cam·

270 1821 463 1999 Prospllli,
457 1851 467 1887 ⁹
482 1918 517 1974 et
532 1896 614 1973 visu
631 1897 737 2002 pascit
762 1919 821 1977 sua
845 1899 978 1976 lumina
993 1900 1162 2000 Princeps

269 2003 445 2103 Praecipue
465 2000 631 2078 admirans
659 1986 766 2080 lonles
790 2005 1007 2106 animosaque
1020 2006 1127 2081 cernit

270 2107 472 2193 Marmora,
501 2105 755 2218 precipitesque
778 2111 910 2200 undas;
926 2110 1184 2212 placidumque¹
1207 2213 1222 2228 .

379 2231 531 2285 sonantes

271 2311 488 2494 Aurelbibit
502 2313 717 2417 Zephyros,
734 2314 844 2393 amnis
868 2314 1082 2419 nemorisque
1109 2340 1168 2393 co·
1224 2420 1230 2427 ι

392 2442 474 2493 onos

295 2522 406 2599 Tu
372 2547 512 2640 quoque
527 2519 730 2599 carminibus
742 2478 864 2599 merito
873 2522 1079 2601 celebrabere
1093 2540 1167 2600 nos·

377 2624 436 2701 tris
1226 2658 1229 2665 ·

268 2684 467 2819 AEternurir
498 2754 555 2805 cur
544 2728 743 2832 Nympha
764 2730 859 2823 dedit
883 2725 1080 2811 Parmensis
1098 2733 1164 2809 ho·

264 2933 366 3018 Vella
376 2860 623 3015 ¹iirbesmlfa'ridr‘s
638 2962 706 3013 non
728 2937 832 3041 dedig
833 2956 908 3013 nata
934 2893 1097 3036 pellaces.

268 3042 332 3118 Τιι
351 3042 450 3118 variis
474 3061 565 3118 terto
588 3042 771 3144 pelagique
792 3042 962 3117 laboribus
977 3040 1087 3116 accam

267 3131 434 3247 Excipis,
455 3164 490 3222 et
504 3147 638 3251 gremio
652 3145 846 3269 Dominam
859 3146 1064 3245 complexa
1053 3169 1162 3295 jacen

375 3267 447 3326 tem

265 3352 400 3431 Blanda
424 3351 540 3447 loves,
565 3356 685 3433 lassam
713 3378 878 3456 reparas,
905 3325 1061 3455 viresque
1090 3352 1162 3430 mi·

377 3454 504 3532 nistros

262 3556 346 3634 Hic
371 3558 521 3633 hortos
511 3580 595 3649 rnrer
616 3562 742 3641 nitidos
764 3585 963 3681 aurasque
956 3541 1155 3638 salubres

264 3662 392 3766 Longa
417 3664 573 3762 pererrati
599 3668 699 3766 pellit
723 3668 854 3745 fastidia
868 3664 993 3769 ponti,
1041 3717 1124 3848 ‘m
1264 3721 1273 3751 ι

1092 3791 1103 3840 1
1120 3806 1135 3825 .
