3259 4675
430 698 451 729 „
466 665 577 715 sumus.
600 646 669 713 Nec
690 644 722 713 id
739 660 860 711 tantum
879 644 1009 721 Latine,
1024 647 1116 734 quod
1129 650 1159 712 in
1174 647 1323 736 Hispania

430 738 567 827 „paucis
593 754 669 803 esset
693 734 787 813 utile,
802 735 859 801 sed
878 734 1018 827 Hispano
1040 756 1179 802 sermone
1192 784 1201 812 ,
1214 758 1254 801 ne
1274 738 1343 801 in-.
1380 788 1386 796 .

430 872 452 903 ,,
466 840 595 917 terprete
618 838 768 915 egerent,
791 824 844 911 qui
869 836 934 887 tam
956 821 1111 890 salutifero
1135 825 1178 888 uti
1206 824 1323 891 vellent

431 962 452 990 „
468 934 568 1003 opere.
585 912 717 979 Easdem
735 904 826 980 aeluri
842 932 946 975 sumus
963 913 1072 1001 gratias
1093 910 1319 980 doctissimos

430 1016 591 1092 „experto
612 998 730 1067 dodosi
750 996 912 1066 Abulensi
933 1022 956 1063 a
976 998 1119 1076 Lobera,
1133 1002 1185 1089 qui
1208 1016 1326 1091 praeter

431 1113 460 1165 ,‚·
468 1090 541 1163 alia,
551 1112 630 1179 quae
644 1088 738 1155 valde
755 1088 838 1153 milia
854 1087 1028 1175 publicavit,
1040 1086 1217 1181 opera,hoc
1230 1110 1325 1153 unum

432 1224 455 1258 „
472 1177 592 1255 edidit,
617 1177 745 1265 dignum
774 1190 856 1241 certe
881 1190 1006 1265 propter
1028 1177 1091 1263 ejus
1118 1175 1322 1243 commodum

431 1288 578 1355 „magna
601 1263 704 1330 haberi
727 1262 968 1331 aestimatione:
993 1266 1079 1353 quod
1102 1281 1133 1331 et
1158 1265 1265 1333 Latine
1293 1282 1326 1333 et

432 1400 453 1429 ,‚
468 1352 625 1419 vernacule
639 1349 788 1441 scripsit,
805 1367 840 1416 ut
861 1352 916 1440 qui
933 1350 1097 1443 Hispanice
1119 1353 1202 1441 loqui
1226 1355 1327 1420 nesci-

433 1486 460 1523 „
473 1454 559 1513 rent,
572 1462 609 1508 eo
630 1453 793 1506 uterentur
804 1438 936 1513 Latino,
952 1440 1134 1529 ets-Hispani
1157 1438 1324 1529 ampleste-

432 1542 572 1603 „rentur
593 1544 753 1615 tamquam
774 1549 840 1597 rem
859 1530 980 1595 unicam
1000 1550 1056 1595 suo
1085 1527 1230 1596 idiomate
1256 1532 1327 1595 scri·

435 1661 457 1693 „
471 1632 579 1768 qtam:
596 1618 627 1683 in
646 1638 707 1704 qua
728 1614 807 1682 clare
828 1616 962 1683 ostendit
983 1632 1016 1681 et
1035 1616 1194 1704 quomodo
1214 1615 1327 1685 labefa-

433 1706 488 1781 „e
502 1720 584 1771 atam
609 1705 804 1771 instauremus
823 1705 971 1778 salute-m,
990 1721 1022 1770 et
1045 1726 1254 1771 conservemus
1274 1707 1326 1772 in⁴

428 1800 454 1869 “,,
471 1809 629 1860 stauratam
643 1817 652 1873 3
666 1814 785 1862 necnon
804 1792 880 1884 quid
894 1792 1016 1859 bibituri
1032 1794 1202 1884 pransutive
1219 1795 1323 1879 simus,

430 1906 454 1956 ¹„
468 1896 501 1945 ut
523 1904 592 1949 eam
613 1903 833 1949 conservemus.
859 1881 1013 1949 Monstrat
1039 1882 1120 1947 enim
1139 1929 1149 1958 ,
1168 1903 1232 1948 rem
1256 1903 1330 1950 sane

435 2012 456 2044 ,‚
471 1990 633 2059 magnam,
649 1971 741 2059 quid,
755 1970 806 2035 ubi
823 1992 841 2036 a
865 1968 945 2038 lello
967 1972 1125 2058 surgimus,
1137 1992 1232 2058 usqne
1252 1968 1328 2036 dum

431 2082 455 2134 ·„
471 2060 692 2134 recumbimus,
713 2057 818 2127 fasturi
844 2058 966 2134 simus,
991 2073 1022 2123 et
1045 2058 1117 2123 alias
1138 2058 1325 2146 quaestiones

435 2190 455 2224 ‚,
471 2168 534 2211 non
550 2169 657 2239 pamm
677 2148 819 2226 subtiles,
831 2150 942 2239 quibus
959 2168 992 2211 se
1001 2147 1099 2301 plane
1117 2144 1328 2213 laetissimum

427 2244 456 2312 '‚,
473 2250 505 2300 et
531 2254 709 2327 expertum,
730 2254 820 2325 atque
845 2236 948 2325 magni
964 2231 999 2321 'i'u
1022 2237 1098 2311 icii,
1118 2235 1203 2324 quod
1222 2238 1328 2324 paucis

435 2367 456 2401 2,
470 2341 620 2415 contingit
640 2375 648 2401 ,
671 2325 803 2394 exhibet.
826 2324 920 2392 Unde
942 2347 1004 2390 non
1025 2324 1130 2410 injuria
1154 2324 1325 2393 Canobus

349 2495 350 2501 ἵ
434 2456 455 2489 ,,
472 2412 545 2480 latr.
567 2437 638 2480 eum
661 2413 715 2480 sibi
750 2413 1025 2504 medicumelegit.
1045 2413 1115 2481 Nec
1135 2415 1184 2481 alii
1206 2413 1329 2480 illustri-

426 2513 456 2576 '„
470 2502 561 2567 simus
582 2503 752 2568 Cardinalis
774 2501 960 2593 Hispalensis
974 2550 982 2575 ,
996 2518 1140 2594 patronus
1161 2523 1273 2577 meus,
1295 2525 1331 2571 se

435 2633 457 2663 ,‚
471 2590 561 2655 tutius
582 2592 749 2656 committit
761 2640 769 2665 ‚
782 2590 866 2676 cujus
886 2589 999 2656 familia
1021 2589 1082 2676 ejus
1098 2591 1275 2680 sapientiam
1295 2592 1329 2656 in

427 2683 457 2750 ',‚
470 2676 603 2764 periculo
622 2681 740 2770 optime
755 2680 950 2768 cognoverit:
963 2682 996 2742 et'
1014 2679 1101 2743 multi
1121 2678 1208 2766 hujus
1226 2679 1325 2746 curiae

427 2785 456 2839 2³,
474 2779 628 2854 magnates
647 2813 656 2840 ,
678 2768 710 2832 in
735 2781 880 2854 quaram
906 2765 1024 2832 celebre
1048 2781 1095 2833 est
1119 2767 1182 2853 ejus
1203 2788 1328 2843 nomen,

426 2861 457 2929 '‚‚
472 2876 567 3006 quam
595 2854 729 2941 ejusdem
757 2877 851 2946 opera
876 2871 908 2920 et
935 2854 1038 2922 nobile
1065 2877 1158 2945 genus
1185 2857 1328 2946 antiquae

436 2983 457 3016 2,
486 2944 603 3008 emiliae
625 2941 822 3012 Lolerarum
855 2959 1011 3026 testantur.
1038 2945 1141 3031 Atque
1159 2947 1230 3009 satis
1250 2966 1331 3011 con-

424 3029 456 3105 ‘‚,
473 3046 531 3095 stat
543 3079 551 3106 ,
563 3033 681 3098 nonnisi
704 3033 839 3122 generosi
863 3034 955 3098 animi
973 3028 1072 3108 fuisse,
1085 3055 1157 3098 cum
1179 3033 1328 3101 semodi

368 3201 369 3204 Ἴ
425 3119 457 3198 ³2,
474 3121 502 3184 ci
522 3119 658 3186 Caesarei
676 3143 799 3188 munere
822 3142 963 3187 excusate
984 3136 1235 3211 posset,novum
1253 3141 1330 3212 opns

437 3249 457 3282 s,
473 3209 600 3278 scribere
629 3209 756 3277 voluisse
789 3210 967 3299 reipublicae
1000 3207 1176 3298 proficiendi
1214 3214 1327 3298 gratia,

427 3316 457 3371 ·‚‚
474 3319 551 3382 quae
572 3299 597 3362 ei
622 3298 746 3363 deberet
773 3299 901 3387 nimium
917 3321 921 3329 ’
932 3299 1071 3390 gratulari
1091 3313 1216 3384 propter
1244 3319 1330 3362 sum·

339 3413 340 3418 ¹
437 3424 457 3459 ‚,
473 3407 556 3450 mam
578 3384 622 3451 sui
649 3387 760 3452 laboris
788 3388 959 3453 utilitatem.
990 3387 1053 3466 Qui
1080 3386 1133 3451 nbi
1160 3406 1199 3450 ex
1229 3408 1329 3474 aequo

437 3513 457 3549 2,
473 3473 574 3538 multis
589 3473 754 3560 juvaverit,
774 3475 970 3566 quamplures
985 3473 1094 3541 destos
1109 3475 1189 3538 viros
1204 3474 1245 3539 ad
1259 3478 1329 3540 scri-

422 3569 458 3636 '2,
473 3559 608 3630 bendum
630 3562 767 3629 incitabit
790 3613 798 3639 ,
824 3564 933 3654 quibus
953 3563 994 3628 ad
1020 3565 1051 3628 id
1077 3562 1143 3650 plus
1172 3564 1230 3628 erit
1251 3565 1328 3638 otii,

437 3679 458 3724 s,
473 3671 565 3736 quam
587 3649 674 3737 hujus
693 3653 791 3740 operis
817 3651 928 3718 austeri
953 3667 1001 3716 tot
1022 3652 1167 3741 primatiis
1189 3651 1257 3715 viris
1278 3674 1329 3718 cu-

420 3777 457 3830 ),
473 3737 571 3818 randis
594 3733 764 3828 occupato:
780 3739 841 3805 hoc
865 3742 1041 3828 praesertim·
1062 3745 1147 3804 anno·
1160 3739 1329 3831 quadrage-

438 3865 458 3901 s,
475 3828 553 3896 simo
568 3827 696 3898 nimium
710 3826 945 3934 infortunato,in
965 3852 1027 3920 quo
1041 3845 1152 3898 mortes
1169 3828 1345 3916 morbique.

1218 3932 1304 3994 sato·
