3259 4675
332 670 340 683 ·
379 636 430 701 En
454 637 481 701 el
507 631 621 724 Vergel
640 630 682 699 de
707 530 858 696 salefeld
869 656 911 704 ‚o
927 635 1086 725 banqreete
1108 633 1150 703 de
1168 660 1225 705 ra·

331 722 507 816 bellerosy
531 721 631 787 orden
653 716 695 785 de
717 720 803 784 vivis
827 718 877 783 del
908 720 1025 788 Dodor
1048 725 1129 791 Lurs
1156 716 1227 793 Lo'-

330 834 424 881 suaa
445 813 484 879 de
497 810 627 876 =Av1ns
646 854 656 881 ‚
699 828 737 871 ue
760 829 792 871 se
814 806 967 894 imprimio
989 834 1028 878 en
1051 812 1158 879 Alcali
1185 805 1225 881 de

326 900 459 967 Heuares
481 918 518 967 en
539 920 607 965 casa
623 894 662 959 de
676 830 759 981 luen
782 895 895 962 Brocar
914 918 952 960 en
985 919 1080 983 1542.
1105 923 1143 965 en
1162 894 1218 970 folj

250 1064 253 1071 ,
325 1010 357 1055 se
379 987 509 1053 hallaal
529 984 674 1074 principio
693 1004 751 1049 una
767 982 862 1047 Carta
876 983 916 1048 de
935 983 1147 1055 Cnnvaurss
1160 982 1221 1075 con

323 1096 361 1145 tu
382 1077 545 1151 traducion
566 1072 736 1139 Castellana
753 1094 798 1159 3y
821 1093 880 1136 son
904 1094 998 1139 corno
1022 1097 1054 1141 se
1074 1076 1217 1163 siguenrj

320 1318 331 1341 ,
525 1215 529 1223 ’
623 1244 925 1313 nemora
1209 1330 1213 1337 Ι

321 1390 335 1529 '.
415 1368 1118 1513 suaucsscr'csuvlurus
1189 1416 1214 1533 „s

447 1570 484 1637 in
499 1566 840 1637 recommendationem
860 1570 963 1660 operis
982 1568 1099 1636 Ieilmr‘.
1166 1660 1169 1666 ι
1204 1594 1212 1617 t

351 1826 354 1832 .
388 1774 637 1858 „consideranti
657 1796 784 1842 mecum
806 1771 1220 1867 saepenumerofflrudentis}

323 1910 344 1941 ‚‚
360 1865 438 1934 sime
456 1863 549 1945 ledlqt
560 1881 728 1952 3quantum
747 1868 855 1931 nostris
872 1865 1044 1955 parentibus
1061 1866 1218 1955 debemus,

321 1954 556 2042 ,equod'quam
580 1953 745 2029 hebemus,
760 1954 831 2020 Deo
853 1955 974 2041 juvante
995 1956 1089 2041 vitam
1112 1955 1151 2019 ab
1175 1956 1217 2043 eis

321 2088 343 2117 ‚,
359 2043 530 2131 accepimus
546 2041 742 2130 ,·plurimum
769 2045 867 2109 visum
890 2063 934 2108 est
956 2044 1058 2109 deberi
1082 2043 1217 2134 medicis

320 2176 343 2207 „
356 2133 409 2218 qui
432 2148 588 2221 acceptam
610 2152 628 2194 a
647 2132 820 2219 parentibus
846 2133 936 2197 toties
960 2150 1108 2206 tuentur,
1135 2132 1216 2219 dila-

320 2266 342 2295 „
357 2234 424 2285 tant
436 2266 448 2299 ,
462 2236 494 2285 et
514 2212 666 2309 perditdm
692 2216 753 2286 fere
778 2220 935 2303 restituunt
954 2221 1012 2285 suis
1031 2238 1096 2285 tam
1117 2226 1217 2287 neces«
1267 2296 1270 2300 ἵ

320 2355 343 2384 ,,
361 2308 441 2373 sariis
467 2306 715 2388 medicaminibus
738 2330 777 2375 ex
797 2325 918 2374 naturae
938 2310 1051 2374 arcanis
1071 2308 1217 2397 deprom-

319 2441 342 2470 ‚,
357 2397 406 2470 ris.
427 2395 538 2549 Atque,
552 2398 595 2460 ita
614 2393 911 2491 Pliniuaniseorioe
932 2395 1118 2462 mundanae
1135 2397 1217 2483 libro

311 2523 342 2558 1„
358 2482 427 2556 Vll.
451 2508 482 2550 re
496 2501 563 2560 ert,
579 2485 692 2549 multos
720 2486 932 2550 semimortuos
968 2483 1118 2550 medicina
1138 2489 1217 2568 revi-

319 2618 342 2647 ,‚
357 2573 444 2639 xisse.
468 2571 661 2661 Aesculapius
686 2573 770 2660 quasi
788 2564 827 2637 ab
851 2593 926 2636 orco
950 2571 1149 2638 Tindaridam
1167 2596 1217 2639 rea

315 2705 341 2736 ·‚,
357 2662 485 2729 vocavit.
512 2659 705 2750 Asclepiades
728 2683 800 2728 vero
821 2661 937 2729 homini
967 2663 1030 2751 jam
1057 2662 1216 2751 deplorato

321 2792 348 2824 o.
359 2766 389 2820 et
408 2754 439 2816 in
456 2772 563 2840 rogum
585 2750 736 2821 mittendo
757 2751 853 2838 vitam
872 2749 969 2818 dedit.
985 2750 1030 2815 At
1045 2750 1121 2837 quid
1138 2773 1215 2838 opus

320 2855 402 2912 „est
428 2841 559 2926 antiquis
581 2837 746 2925 exemplis,
761 2835 836 2904 dum
854 2837 1027 2905 domesticis
1049 2839 1093 2904 uti
1117 2841 1215 2926 possi<

321 2949 425 3002 „mus
441 2976 451 3002 ‚
470 2950 547 3016 quae
575 2927 702 3012 quisque
728 2924 778 3010 deq
790 2949 823 2990 se
849 2928 983 3013 prodet?
1003 2925 1108 2992 Nemo
1132 2928 1214 2994 enim

312 3057 342 3088 .‚‚
355 3033 422 3091 est,
439 3019 492 3103 qui
514 3037 552 3081 ex
572 3014 711 3100 tercentis
733 3015 910 3079 morborum
934 3014 1117 3103 generibus,
1137 3012 1215 3102 quae

322 3105 480 3175 „tradidit
497 3103 630 3176 Plinius,
651 3118 767 3190 praeter
788 3103 924 3190 species,
970 3126 1024 3170 uae
1043 3105 1216 3171 innumerae

310 3234 340 3268 ‚n
355 3211 422 3258 sunt
434 3241 442 3266 ,
456 3193 558 3278 aliquo
579 3214 640 3256 non
663 3187 823 3263 afficiatur,
836 3206 868 3255 ut
891 3206 935 3255 est
948 3125 1059 3266 iestis,
1069 3189 1214 3280 podagra,

248 3329 252 3335 ·
308 3323 342 3352 -u
359 3304 467 3368 urgens
492 3281 610 3355 dolor,
631 3300 708 3365 quae
732 3279 764 3354 iu
793 3300 859 3342 suas
888 3279 1061 3343 dividuntur
1090 3283 1212 3368 species.

308 3401 343 3439 e„
359 3370 509 3435 Aduersus
533 3385 580 3436 tot
603 3367 728 3452 morbos
751 3366 836 3431 danti
858 3367 988 3432 remedia
1021 3370 1152 3456 aequum
1171 3371 1214 3433 es-

308 3501 344 3530 .„
360 3472 404 3519 set
429 3459 535 3544 gratias
556 3477 709 3547 ageremus
731 3476 877 3545 magnas,
893 3471 985 3544 atque
1001 3457 1058 3522 illis
1077 3457 1214 3544 majores,
1320 3459 1322 3464 ’

308 3590 345 3619 ,,,
362 3544 414 3630 qui
443 3566 504 3610 non
527 3547 623 3612 solum
651 3567 706 3608 nos
730 3544 897 3610 incolumes
921 3567 939 3608 a
965 3545 1080 3610 morbis
1105 3545 1214 3611 redde-

323 3679 344 3708 „
361 3654 393 3696 re
417 3648 563 3696 conantur
580 3634 656 3718 (qui
683 3654 738 3696 nos
762 3632 801 3700 ad
829 3631 995 3720 quamlibet
1018 3655 1082 3700 rem
1098 3633 1215 3718 inutiles

321 3767 344 3794 ‚‚
359 3716 501 3804 faciunt)
521 3720 574 3785 sed
597 3720 759 3799 scribunt,
780 3744 843 3808 quo
867 3717 958 3808 pallo
974 3770 983 3795 ,
1002 3722 1054 3786 ubi
1082 3721 1216 3788 medicus

326 3854 346 3884 ,,
363 3803 514 3886 abfuerit,
529 3808 761 3964 aegritudinerq
771 3807 938 3899 fugiamus,
957 3810 1007 3875 cui
1028 3811 1071 3877 ita
1092 3795 1218 3896 subjedti

774 3919 792 3984 3
1120 3944 1140 3974 ar
1155 3919 1200 3963 Su‘
