3259 4675
713 529 729 621 (
746 528 790 623 71

314 672 334 707 ,,
348 641 414 691 tota
436 627 467 691 in
490 625 637 714 Hispania
660 622 782 715 fuerunt
808 640 873 691 tarn
891 626 986 694 crebri
1007 646 1038 695 et
1062 654 1209 699 commu-

312 761 333 791 „
349 738 400 781 nes
411 763 420 789 ‚
433 730 467 779 ut
482 715 614 781 otiosum
632 727 662 777 et
682 712 810 777 idiotam
830 736 982 803 quemque
1000 739 1206 807 occuparent,

312 848 333 879 ‚,
347 805 420 891 quid
440 800 595 869 austorem
616 847 626 874 ,
653 799 693 864 ad
712 824 807 889 quern
834 817 991 889 tamquam
1011 808 1052 871 ad
1083 831 1204 877 sacram

307 891 513 969 „anchoram
529 884 748 976 confugiebant
761 889 889 979 aegroti.
906 891 1000 977 Cujus
1016 896 1110 959 vitam
1119 896 1210 972 Deus

306 1000 439 1056 „servet
460 980 644 1045 incolumem
658 1023 667 1050 ‚
679 994 713 1041 ut
731 996 855 1069 ceptum
872 979 1025 1045 scribendi
1044 997 1111 1066 tam
1131 986 1212 1060 utile,

305 1111 326 1140 2,
341 1068 518 1135 exercitium
537 1080 748 1155 prosequatur,
757 1083 789 1135 et
803 1084 890 1134 curet
899 1115 911 1145 ‚
921 1068 1033 1159 quibus
1052 1091 1106 1139 suo
1121 1093 1208 1163 opus,

305 1198 327 1229 ‚‚
341 1153 431 1225 fuerit
451 1152 571 1223 auxilio.
581 1200 604 1231 „

597 1281 896 1421 numroun
1201 1418 1206 1426 ¹

343 1507 413 1576 on
442 1453 1153 1581 nnnuc1scooanvnnrns
1203 1501 1208 1577 ἰ

382 1674 428 1718 en
443 1648 705 1745 recomepdacion
722 1647 769 1717 de
783 1645 822 1716 Ia
843 1648 923 1717 obra
940 1648 980 1716 al
997 1650 1104 1720 ledor.

318 1912 322 1919 .
343 1855 593 1935 ,considerando
613 1879 658 1947 yo
676 1852 807 1925 'muchan
825 1881 912 1928 veces
927 1908 936 1935 ‚
949 1880 1025 1949 muy
1046 1846 1210 1951 prudente*

301 1943 394 2015 leiiot
408 1994 418 2022 ,
433 1949 464 2013 lo
491 1945 604 2015 mucho
626 1958 686 2035 quc
707 1946 853 2017 debemos
874 1971 892 2012 a
914 1967 1048 2016 nuestros
1073 1945 1209 2101 padreo's

303 2057 361 2123 por
380 2035 471 2102 haver
489 2036 624 2103 recibido
646 2036 685 2101 de
707 2034 782 2100 ellos
798 2036 952 2104 mediante
976 2036 1054 2103 Dios
1085 2039 1193 2105 avida

299 2144 323 2211 y
345 2146 390 2191 ser
412 2147 472 2212 que
493 2141 632 2193 tenemus
645 2172 655 2201 ,
667 2122 854 2211 paresciome
874 2148 933 2215 que
954 2124 1192 2193 debiamosmas
1283 2178 1289 2183 -

300 2233 322 2277 a
342 2212 387 2279 los
405 2211 544 2281 medicos
563 2260 577 2287 .,
597 2234 658 2301 que
679 2210 707 2275 la
727 2212 799 2279 aida
825 2213 973 2279 rescibida
994 2214 1036 2280 de
1057 2231 1192 2288 nuestros

299 2298 409 2390 padres
431 2316 532 2376 tantas
553 2322 643 2366 neces
669 2296 830 2368 deflenden
857 2323 879 2390 y
909 2301 1033 2390 alangan
1058 2351 1067 2377 ,
1088 2324 1111 2389 y
1131 2325 1203 2373 auu.

299 2389 361 2454 ersi
381 2387 505 2478 perdida
527 2390 690 2476 restituyen
712 2409 840 2455 consus
861 2405 914 2455 tan
938 2391 1113 2456 necessarias
1127 2394 1192 2458 ¹'cu-

299 2497 347 2550 ras
371 2478 493 2542 sacadas
509 2474 553 2542 de
575 2477 623 2542 los
668 2475 774 2542 sandes
804 2491 932 2542 secretos
955 2476 1046 2542 dela
1071 2493 1192 2543 natura⁴

297 2564 376 2630 leza.
403 2561 432 2629 Y
456 2564 522 2630 ansi
541 2563 613 2631 dice
627 2499 728 2632 Pinio
751 2586 790 2631 en
810 2564 839 2629 el
856 2558 972 2645 libros
1013 2567 1089 2629 timo
1107 2567 1146 2630 de
1159 2568 1208 2634 ia.

299 2649 454 2728 Historia
475 2650 644 2720 mundana
656 2698 666 2728 ,
677 2673 740 2740 que
761 2649 892 2731 muchos,
911 2586 1022 2718 conia
1040 2653 1192 2724 medicina

298 2741 383 2828 quasi
407 2760 540 2808 muertos
567 2737 675 2806 sueton
700 2737 985 2829 sanos.‚Esculapio
1013 2742 1097 2828 quasi
1119 2743 1190 2807 voi·
1300 2810 1303 2822 ,

298 2827 347 2914 vid
367 2829 406 2896 de
428 2830 458 2896 la
475 2848 542 2894 otra
560 2819 630 2893 vida
647 2849 664 2892 a
686 2825 870 2903 Tindarida,
886 2852 907 2916 y
926 2828 1116 2916 Asclepiades
1136 2830 1204 2918 dio·

296 2917 384 2998 salud
405 2941 426 2983 a
449 2939 490 2985 un
512 2912 641 2982 hombre
654 2962 663 2989 ‚
674 2937 735 3002 que
753 2939 795 3004 ya
811 2938 871 3006 pot
893 2931 1011 2982 muerto
1029 2917 1061 2984 le
1079 2912 1204 2986 havian·

298 2994 469 3094 llorado,y
489 3005 614 3094 querian
633 3001 725 3080 echat
744 3027 782 3070 en
805 3006 832 3069 el
854 3001 947 3090 fuego
962 3051 971 3078 ,
989 3026 1055 3090 que¹
1077 3022 1188 3074 enton-

298 3085 348 3178 cfes
377 3103 426 3160 era
454 3094 538 3184 lugat
562 3093 604 3158 de
630 3093 792 3180 sepultura.
817 3089 869 3176 {Y
893 3091 953 3178 que
974 3113 1006 3156 es
1037 3110 1186 3162 menestet

298 3177 398 3258 traher
422 3183 581 3270 exemplos
603 3179 767 3270 antiguos,
793 3203 867 3270 pues
890 3196 1028 3244 tenemos
1056 3202 1095 3244 en
1114 3204 1187 3254 casa
1289 3206 1293 3212 ·

298 3284 401 3347 tantos
424 3269 588 3357 que‘cada¹
609 3289 672 3333 uno
695 3265 794 3356 puede
824 3267 906 3334 decir
927 3289 949 3355 y
972 3265 1071 3333 trahet
1099 3266 1138 3336 de
1163 3269 1207 3337 si'

299 3357 434 3424 mismo?
452 3351 710 3444 Pues'nitdie'hay
728 3379 788 3443 que
803 3377 909 3442 escape
924 3377 961 3419 en
980 3370 1042 3420 esta
1062 3355 1130 3422 vida
1148 3358 1190 3425 de

299 3443 392 3532 aigun
415 3441 525 3536 genero
545 3443 584 3512 de
606 3441 800 3527 enfermedad
817 3445 919 3509 delos
937 3443 1110 3508 nescientos
1129 3467 1204 3532 que

299 3532 415 3614 escribe
433 3533 566 3611 Plinio„
581 3533 626 3600 sin
651 3533 695 3598 las
713 3532 842 3620 especies
863 3531 903 3596 de
927 3529 1004 3597 cada
1028 3554 1090 3598 uno
1107 3534 1209 3621 pque]

300 3641 357 3686 son
379 3615 508 3686 infinitas
520 3611 528 3692 ζ
538 3613 631 3687 'como
651 3621 681 3685 la
703 3617 834 3708 fiebrey
853 3636 934 3707 gota,
944 3641 966 3684 o
980 3618 1068 3686 dolor
1083 3620 1208 3707 urgeo-2,

300 3723 429 3796 te,que
450 3709 526 3774 cada
547 3731 608 3800 uno
637 3708 781 3774 deustos
806 3730 838 3774 se
860 3707 961 3774 divide
985 3729 1022 3771 en
1044 3729 1091 3774 sus
1102 3708 1207 3796 espe-'

301 3795 371 3863 cies.
394 3795 569 3890 Paresceme
589 3818 661 3894 pucs
682 3819 743 3954 qpp
765 3796 795 3863 al
817 3810 997 3897 quocontra
1016 3811 1196 3946 tentassen-v

744 3903 767 3966 4
838 3906 847 3920 ··
1125 3902 1173 3946 er-
