3259 4675
899 606 969 655 20

491 685 684 764 Credideris
711 743 722 779 ,
746 574 1008 782 mundi(piinio
1038 679 1265 761 indiscrimine
1294 711 1371 765 mo-

591 789 672 872 lem.

540 895 693 992 Tempus
723 911 791 965 erat
813 885 932 964 mediae
958 887 1161 982 traustilam
1184 890 1312 984 noblis,
1338 913 1374 970 et

592 996 657 1070 alte
1040 1007 1046 1020 '
1217 997 1224 1003 ”
1310 999 1324 1024 ⁷

489 1097 679 1176 Indormire
702 1095 801 1171 dabat
815 1095 1011 1170 mortalibus
1027 1093 1191 1171 humidus
1206 1103 1261 1170 a'e'r
1274 1117 1294 1187 ,·

490 1200 668 1302 Coecaque
692 1199 845 1274 terribilis
869 1219 1011 1300 cognata
1033 1198 1162 1274 silentia
1177 1199 1303 1274 nostis:

409 1337 413 1342 ·
489 1303 587 1379 Cum
617 1305 704 1378 male
727 1306 930 1404 compositus
954 1301 1080 1389 lello,
1113 1301 1268 1403 curisque
1297 1313 1369 1378 ma·

589 1407 691 1509 lignis
1298 1440 1303 1447 ¹

485 1509 635 1598 Exesus,
666 1536 784 1584 somno
813 1509 947 1584 tandem
976 1508 1152 1586 concedere
1176 1523 1289 1609 cogor.

486 1613 671 1710 Morpheus
700 1615 871 1709 extemplo
899 1611 976 1687 totis
1005 1639 1061 1685 me
1088 1611 1215 1686 vitibus
1239 1637 1370 1712 aegmm

408 1760 414 1778 ι
486 1715 664 1815 Occupat,
697 1743 735 1790 ac
762 1715 892 1793 blandis
916 1714 1079 1811 torpentia
1105 1717 1255 1789 membra
1279 1735 1368 1790 cate-

588 1845 638 1893 ms
1264 1855 1267 1862 ·

483 1921 637 2022 Alligat‚
666 1919 815 1994 infirmos
835 1920 1039 2020 hebetatque
1054 1945 1217 2022 papavere
1239 1941 1365 1999 sensus.

533 2029 632 2098 Tunc
655 2022 743 2094 visus
775 2048 835 2120 per
863 2023 962 2095 inane
987 2025 1083 2120 rapi,
1112 2025 1276 2126 cursuque
1305 2053 1367 2103 vo·

581 2124 668 2200 lucri
737 2217 740 2224 ,
1270 2192 1277 2204 ,

478 2229 525 2312 Et
540 2228 657 2305 celeres
686 2248 826 2312 ventos,
855 2226 1069 2331 impulsaque
1093 2230 1209 2305 nubila
1236 2231 1342 2334 longe

478 2334 639 2413 Vincere.
669 2332 724 2409 Sic
751 2358 869 2407 vacuas
896 2333 1015 2407 mittor
1047 2394 1057 2427 ,
1102 2333 1274 2436 jailorque
1307 2364 1366 2435 per

581 2464 686 2511 auras.
882 2502 885 2506 ,

421 2619 424 2625 ,
474 2543 558 2621 Non
584 2543 766 2645 plumbum
793 2539 939 2613 Balearis
969 2542 1041 2642 agit
1067 2541 1215 2615 velocius
1231 2542 1359 2633 ardens,

473 2644 597 2735 Quum
630 2644 741 2743 quatit
767 2642 974 2719 immensum
1005 2643 1117 2721 fundae
1146 2645 1362 2745 clangoribus
1451 2663 1452 2680 ¹

473 2832 478 2843 ι
575 2748 704 2819 aethra:
840 2840 844 2845 .
1450 2737 1451 2762 ¹

470 2850 546 2927 Nec
564 2848 671 2949 magis
687 2848 1108 2925 Haemoniis·convallibus
1130 2849 1245 2924 acriter
1260 2872 1363 2951 urget

350 2996 354 3006 ·
469 2956 583 3047 Torva
608 2954 723 3027 Diana
749 2954 854 3040 feras,
882 2954 989 3027 nitido
1018 2954 1205 3053 sp‘eCIabilis
1228 2963 1345 3028 arcu?

468 3060 588 3147 Quam
617 3056 747 3155 rapidos
772 3076 886 3129 ventos
913 3058 1010 3129 nullo
1034 3058 1175 3130 ducente
1206 3059 1362 3132 secabam

466 3159 635 3260 Praecipiti
666 3218 676 3250 ,
703 3180 891 3249 metuens,
925 3161 1062 3263 jamjam
1090 3162 1168 3235 dare
1201 3164 1360 3237 membra

569 3288 685 3339 rurnae.

443 3410 448 3432 r
516 3366 672 3439 Protinus
692 3386 725 3438 at
742 3366 867 3439 blando
898 3367 991 3465 coepi
1009 3366 1202 3441 descendere
1220 3368 1333 3466 lapsu.

465 3468 582 3565 thue
610 3467 646 3539 lu
654 3467 690 3555 it,
709 3468 855 3569 terigisse
883 3471 994 3543 solum
1011 3527 1022 3561 ,
1038 3466 1115 3543 data
1142 3470 1239 3566 copia
1250 3528 1260 3561 ‚
1278 3473 1358 3547 diro

465 3568 703 3667 Expediorque
726 3592 819 3642 metu
838 3599 846 3643 ι
865 3572 982 3646 tacitus
1006 3572 1149 3646 confinia
1168 3575 1301 3665 lustro,

463 3675 507 3749 Et
533 3698 669 3848 nplmora
695 3698 840 3774 agnosco
867 3673 939 3753 visu
966 3704 977 3760 3
1009 3676 1066 3752 sed
1092 3676 1206 3777 qualia
1241 3703 1355 3777 quon-

587 3800 642 3849 am
1259 3782 1324 3854 Pa·
