3259 4675
717 545 787 596 ιο·

294 627 345 708 -Ει
360 648 467 730 genus
481 639 516 701 et
521 622 655 702 solium
666 517 901 724 ,iexridrque
890 648 1037 726 egressa
1058 625 1195 706 virilem

405 751 465 806 est.

302 835 445 938 Singula
472 833 529 909 sed
549 831 655 908 verbis
684 829 849 934 quoniam
865 815 960 906 haud
978 836 1196 934 comprende-

317 1017 320 1026 ,
409 965 446 1014 re
457 958 679 1036 promptum,
728 1016 732 1028 ,
827 1019 832 1026 ,

303 1043 396 1135 Quae
412 1039 551 1116 colletla
570 1061 682 1128 tenet,
701 1040 842 1115 Naturae
860 1021 999 1116 munera
1013 1061 1049 1118 et
1059 1041 1151 1116 Artrs
1157 1069 1170 1123 ι

304 1144 475 1224 Laudabis
497 1144 654 1236 melius,·
668 1143 798 1220 donum
826 1171 853 1218 sr
844 1144 996 1220 dixeris
1022 1171 1116 1236 esse,
1179 1181 1183 1188 ·

304 1249 395 1326 Itala
419 1275 490 1348 quo
513 1247 612 1322 tellus
627 1247 788 1348 Hispanae
811 1267 905 1349 grata
923 1249 1088 1352 rependit

304 1354 377 1428 Tot
402 1351 466 1426 sibi
491 1353 629 1427 donatos
645 1353 736 1426 ultro
750 1353 939 1454 Regesque
947 1354 1134 1470 Ducesque

305 1453 465 1534 Fortibus
492 1482 654 1558 egregios
657 1481 778 1530 animrs
792 1477 1006 1562 perrterque
1019 1455 1194 1556 benignos,

305 1557 360 1635 Sit
373 1558 450 1634 satis
463 1563 632 1663 Augusta
647 1562 841 1636 Parmensis
854 1545 900 1661 (
901 1553 1082 1663 )deuique
1099 1563 1198 1696 Nep·

411 1683 481 1737 tem
636 1704 638 1714 ’
943 1713 948 1722 ·

263 1793 265 1800 '
295 1763 461 1850 Dicere,
493 1793 569 1868 quae
598 1767 738 1868 Regum
755 1765 1038 1870 Reginarumque
1054 1768 1200 1851 bertam,

306 1872 360 1945 Ac
386 1895 485 1970 mage
518 1870 702 1946 Virtutum
728 1896 904 1944 numerosa
918 1873 1014 1970 prole
1029 1892 1202 1968 parentem

309 1971 487 2070 AEquabit
500 1976 644 2077 geminis
666 1974 793 2050 Aviam
820 1983 889 2048 rr'ou
904 1975 1087 2062 laudibus
1077 2000 1200 2074 impar.
1310 2033 1314 2039 .

361 2076 507 2157 Talibus
537 2105 574 2153 ac
597 2078 697 2154 tantis
729 2077 817 2180 quid
848 2103 918 2152 non
943 2078 1096 2179 Hispana
1123 2104 1202 2177 pro-

413 2207 504 2281 pago
574 2207 576 2212 ·
870 2235 876 2247 .
1313 2207 1318 2213 ·

309 2282 513 2393 Pignoribus
554 2288 687 2385 speret?
717 2282 780 2360 sibi
821 2302 974 2383 tempora
1010 2282 1048 2359 in
1077 2261 1202 2361 omnia

380 2385 558 2463 faustam

312 2493 398 2569 Ecce
419 2516 509 2565 novo
531 2492 656 2593 gaudet
683 2491 843 2566 sancitam
866 2469 996 2564 foedere
1022 2468 1194 2582 sortem,

312 2596 478 2682 Gaudet,
504 2616 538 2669 et
559 2616 739 2697 augustas,
756 2622 840 2699 quas
855 2592 993 2694 publica
1018 2596 1226 2692 commodet*

418 2699 591 2800 jungunt,
1128 2733 1131 2742 =

312 2800 420 2881 Ardet
437 2829 550 2879 amans
565 2804 777 2919 supplexque
792 2802 897 2879 simul
899 2802 1104 2940 coutingere
1120 2803 1203 2915 dex·
1213 2874 1243 2893 κ

419 2926 495 2981 tras.

294 3008 438 3106 ,Aspice
464 3030 546 3083 ute
574 3008 725 3102 facibus,
752 3028 823 3085 tota
851 3037 934 3113 quas
957 3008 1100 3085 ventilat
1124 3012 1202 3087 aula

197 3116 199 3123 ’
266 3163 271 3167 -
312 3114 461 3191 Blandus
473 3116 663 3231 Hymen,
693 3115 841 3189 Amor
830 3140 904 3213 rpse
927 3140 1002 3189 suas
1029 3112 1203 3207 instauret,

416 3238 453 3293 et
471 3216 552 3318 igue

316 3319 488 3401 Curda
456 3346 568 3399 vuum
595 3346 746 3399 succensa
773 3320 834 3419 pio
859 3338 1030 3399 convertat
1051 3319 1090 3395 in
1121 3344 1201 3395 aras.
1303 3411 1306 3414 ,
1422 3349 1456 3368 ·’

737 3426 815 3521 04
941 3450 945 3455 ’
1020 3485 1023 3490 .
1119 3425 1191 3501 Un-

317 3578 1203 3619 ——n——n——n—-a-np

349 3660 393 3731 (³)
406 3701 409 3707 -
423 3659 573 3715 Elissbetha
592 3662 710 3719 funesta
730 3665 813 3731 Regis
829 3676 923 3751 matese
