3259 4675
456 650 477 683 „
489 621 553 667 rea:
566 619 620 663 nec
641 597 699 672 id,
721 597 745 661 si
762 488 999 687 velisinegibis.
1017 593 1162 683 Vestrum
1178 601 1261 669 enim
1283 619 1341 681 est,
1422 608 1428 622 '

456 739 477 779 „
491 688 550 765 hoc
570 703 632 761 est,
649 684 893 752 doetissimorum
914 686 1046 751 virorum
1062 738 1075 769 ,
1093 707 1126 755 ut
1151 692 1345 782 responsione
1434 734 1442 745 ·

455 774 641 857 „neminem
664 774 877 861 dedignemini.
896 774 946 839 Ne
966 779 1038 841 ver'o
1057 779 1249 867 quis,quave
1265 770 1346 860 cunss¹

456 864 604 946 „ditione
622 864 727 937 sim,te
742 860 1070 934 lateat,Cunvaurus
1086 890 1199 933 nomen
1213 865 1260 935 est
1265 868 1315 943 ,T
1309 894 1344 950 ος

456 1004 477 1041 ν
490 950 551 1019 leti
568 974 633 1017 sum
654 969 739 1017 natus
752 998 760 1022 ,
775 967 805 1015 et
820 948 990 1017 Cardinalis
1012 954 1197 1043 Hispalensis
1215 980 1233 1021 a
1249 980 1346 1024 secre-

394 1084 398 1101 .
455 1044 527 1123 „tis
543 1039 672 1107 Latinae.
693 1041 820 1127 linguae.
854 1038 972 1105 Nostra
996 1036 1098 1107 omnia
1126 1038 1343 1135 nunc'accipe,

448 1179 476 1217 „,
489 1132 541 1219 qui
564 1144 614 1193 tua
638 1128 752 1216 jamdiu
773 1128 923 1192 novimus.
947 1128 1031 1195 Bene
1051 1131 1118 1195 vale
1141 1134 1255 1220 patriae
1273 1152 1345 1212 tuae

453 1268 476 1297 „
488 1214 1003 1303 ornamentum,Cunvanreuque
1018 1218 1095 1284 inter
1109 1236 1178 1285 tuos
1198 1245 1260 1287 non
1276 1245 1345 1309 pos,

452 1314 618 1390 „tremum
638 1305 765 1371 colloca.
788 1300 958 1371 Vallisoleti
973 1303 1057 1371 VIII.
1080 1295 1213 1375 Kalend.
1227 1312 1309 1397 Sept.

541 1478 800 1567 Joaunus
842 1452 1280 1578 Mnnnounrus
1310 1569 1337 1582 Ι,

731 1654 1047 1726 cuuvnutrs
1336 1625 1339 1632 ’

495 1834 660 1915 „Mentiar
724 1834 849 1909 uidem,
865 1835 1118 1924 praestantissime
1144 1837 1210 1914 vir,
1227 1840 1252 1905 si
1276 1852 1346 1927 tuas

451 1928 559 2007 „mihi
575 1857 791 1991 litterasVuisse
807 1935 960 2013 pergratas
978 1918 1249 2018 diffitearrquippe
1261 1950 1340 2015 quae

452 2033 601 2103 „praeter
621 2014 823 2103 elegantiam,
846 2035 907 2100 qua
927 2013 1026 2101 primo
1047 2036 1113 2078 sum
1133 2035 1239 2105 captus
1258 2028 1347 2104 aspe-

450 2151 473 2181 „
486 2120 556 2177 ctu,
571 2102 814 2169 benevolentiam
829 2099 848 2164 'a
870 2103 979 2189 patria,
993 2120 1148 2190 patrono,
1164 2104 1348 2190 nomineque

451 2191 623 2272 „simulet
644 2192 676 2255 in
695 2212 745 2255 me
768 2190 870 2253 studio
892 2191 994 2254 statim
1015 2189 1166 2278 perletlae
1190 2209 1347 2259 contraxe-

449 2328 474 2364 „
488 2296 557 2345 runt
574 2278 642 2344 :vel
668 2296 703 2345 tn
724 2280 827 2368 potius
845 2300 907 2367 per
927 2301 976 2344 eas
998 2296 1028 2343 et
1051 2281 1199 2369 captasti,
1214 2297 1245 2347 et
1268 2302 1348 2346 con-

448 2417 471 2447 „
485 2364 609 2434 traxisti.
626 2365 889 2434 Necessitudinem
903 2383 1054 2452 praeterea
1068 2386 1099 2433 er
1114 2370 1278 2435 amicitiam
1292 2370 1350 2434 rni-

451 2455 516 2535 „hi
536 2479 606 2521 sane
626 2457 830 2546 expetendam
854 2455 1067 2544 benignissime
1092 2452 1246 2545 pollicitae
1265 2474 1345 2532 sunt,

370 2613 374 2624 ,
448 2593 470 2622 ,‚
486 2566 522 2608 ac
535 2545 755 2612 denuntiarunt.
771 2544 900 2630 ltaque,
915 2546 958 2607 mi
972 2542 1207 2618 Cauvausus,
1224 2549 1265 2608 sic
1280 2568 1347 2632 per-

449 2679 473 2715 „
486 2631 607 2698 suadeas
629 2633 682 2696 tibi
708 2632 821 2706 velim,
837 2631 1021 2705 amicitiam,
1043 2651 1136 2717 quam
1158 2633 1239 2696 ultro
1260 2631 1348 2697 defe-

409 2767 412 2775 .
448 2768 470 2796 „
483 2736 552 2783 runt
575 2737 644 2789 tuac
670 2721 813 2806 litterae,
835 2741 886 2784 me
912 2718 1040 2783 libenter
1065 2740 1101 2782 ac
1123 2734 1348 2806 perseveranter

450 2808 635 2885 „culturum
650 2836 660 2873 .-
676 2832 731 2874 nec
752 2804 859 2872 officio
882 2829 934 2870 me
952 2807 1031 2871 vinci
1055 2828 1231 2894 passurum,
1246 2809 1365 2874 modo‘

446 2893 643 2971 „facultates
666 2921 729 2964 non
755 2897 864 2960 desint.
887 2892 974 2961 Tuae
995 2892 1113 2960 fuerunt
1139 2898 1251 2984 priores
1274 2920 1348 2992 par⁴

448 2998 529 3067 „tes
552 2987 583 3049 in
606 3002 707 3049 nostra
730 2983 919 3049 concilianda
938 2984 1233 3070 conglutinandaque
1267 2987 1349 3055 arni-

447 3119 468 3150 „
482 3071 549 3140 ciria
566 3099 577 3134 .·
595 3094 680 3139 meae
703 3090 838 3146 tamen,
862 3072 914 3137 etsi
937 3074 1144 3160 posteriores,
1168 3097 1232 3140 non
1259 3090 1346 3139 erunt

447 3161 606 3238 „minoris
631 3163 756 3239 meriti,
777 3161 802 3224 si
826 3162 954 3227 volueris
968 3209 977 3236 ,
993 3183 1085 3248 quam
1108 3163 1165 3226 sim
1187 3163 1219 3228 in
1238 3163 1348 3229 obser-

447 3297 467 3326 „
481 3250 588 3313 vandis
613 3271 648 3316 ac
672 3245 837 3314 retinendis
872 3250 977 3315 amicis
1008 3265 1179 3336 constans,
1203 3252 1344 3340 experiri.

449 3335 564 3415 „Vale
589 3333 631 3403 V.
653 3337 739 3404 Non.
765 3333 881 3402 ottob.
905 3336 954 3410 M.
969 3336 1013 3406 D.
1028 3335 1131 3406 XLV.

1355 2183 1360 2217 l
