3259 4675
632 609 633 612 =
688 589 706 637 ι
713 587 754 658 51
834 641 840 648 ,

278 662 440 746 Pallentes
455 661 602 740 habitare
624 559 785 754 urinas),
812 661 1071 769 Lemurumque
1100 696 1156 751 ca.

383 787 512 857 tervas,

280 867 470 948 AudIerim.
488 863 594 944 Piscis
618 865 742 960 tellus,
766 861 933 969 densique
957 889 1111 967 cupressu

279 973 450 1053 Induitur.
474 969 586 1048 Nullo
610 989 786 1046 nascuntur
810 969 950 1070 palmite
973 971 1111 1050 fruclus.

276 1075 404 1158 Herbis
430 1073 543 1149 nudus
574 1099 679 1178 ager:
699 1071 798 1148 molli
825 1099 887 1174 pro
917 1075 1069 1176 germine
1098 1075 1161 1155 flo-

385 1199 463 1252 rum
531 1239 534 1246 .

280 1275 446 1361 Imminet
470 1276 586 1356 urticis
610 1279 731 1374 tellus,
756 1297 791 1354 et
819 1277 966 1354 sentibus
985 1280 1109 1373 horret.

283 1382 493 1462 Semicremis
518 1385 623 1484 longo
645 1382 830 1485 squallebat
859 1380 970 1457 limite
989 1378 1112 1463 tmncis
1254 1476 1263 1486 .

284 1487 461 1585 Campus,
486 1507 520 1560 et
549 1485 679 1560 assiduo
689 1487 882 1561 resonabant
905 1487 1037 1561 vulture
1053 1491 1163 1568 colles}

282 1591 360 1668 Nec
390 1589 540 1666 scatebris
564 1589 662 1664 undat
699 1588 870 1678 exiliunt,
901 1607 962 1663 nec
981 1589 1164 1693 limpidus

386 1715 481 1795 agros

284 1794 408 1872 Irrorat
435 1815 570 1871 torrens
595 1789 736 1872 Glaucis
763 1788 821 1869 sed
843 1811 928 1869 terra
956 1789 1082 1871 lacunis
1150 1841 1160 1848 ·

282 1896 455 1976 Scinditur
469 1915 597 2000 ,atque
614 1900 723 1999 gravis
746 1895 951 1971 contaminat
963 1901 1036 1976 ae'ra
1050 1919 1162 2014 putor,

336 2001 436 2077 Talia
451 2001 534 2077 dum
558 2001 661 2076 miror
672 2001 845 2102 ‚querulo
870 1999 1009 2075 stridore
1034 2006 1168 2101 repente

285 2103 491 2179 Concutitur
515 2106 626 2180 tellus.
652 2093 911 2201 Stupefaclaque
934 2103 1060 2179 casibus
1092 2108 1169 2183 atris

285 2209 426 2283 Mens
417 2227 533 2307 jacet,
561 2206 814 2326 immotumque
849 2225 962 2278 manet
991 2205 1171 2286 formidine
1221 2304 1222 2309 ἵ

390 2330 520 2407 corpus.

290 2410 440 2510 Gurgite
464 2408 604 2486 terrifico
628 2408 746 2499 labor,
756 2398 953 2507 subitoque
979 2412 1147 2506 tumultu,

287 2516 340 2589 Ut
365 2512 450 2587 nulli
476 2530 608 2612 pateant
632 2511 763 2601 aditus,
792 2512 1012 2626 compagibus
1027 2511 1164 2591 arclis

290 2616 539 2712 Complanarur
561 2640 653 2731 qger
680 2609 838 2693 Plutonia
861 2635 986 2713 regna,
1004 2637 1148 2713 putares,

289 2717 471 2795 Invisenda
494 2714 608 2801 mihi,
638 2716 865 2816 tranandaque
881 2716 1022 2793 flumina
1036 2718 1171 2813 Lethes,

176 2922 177 2927 Ἰ
291 2822 369 2899 Nec
394 2820 518 2895 reditus
542 2844 612 2919 spes
628 2818 698 2893 ulla
720 2837 855 2910 manet,
872 2826 1051 2922 rursusque
1064 2822 1175 2900 fruen-

396 2924 493 2998 di'

178 3100 179 3107 ,
293 3024 442 3106 Lumine
460 3020 673 3125 Apollineos
698 3046 759 3101 nec
786 3020 987 3121 compellare
1013 3020 1152 3103 dabatur

179 3230 181 3240 k
287 3132 438 3211 Auxilio
470 3140 718 3249 quemquam,
750 3126 860 3227 nigras
884 3153 955 3228 quo
986 3125 1070 3203 forte
1092 3131 1177 3244 late·

399 3237 470 3308 bras

188 3398 193 3407 .
297 3328 515 3435 Effugerem.
523 3344 618 3427 aut,
646 3329 845 3427 reditum
819 3358 849 3410 ιι
874 3329 981 3431 lors
969 3332 1089 3437 injusta
1122 3364 1180 3417 ne-

402 3457 509 3537 gasset
522 3490 534 3533 ,

299 3537 474 3614 Consortis
487 3540 654 3635 toleranda
668 3536 777 3615 forent
794 3537 955 3615 solamine
970 3537 1095 3635 damna

298 3640 462 3735 Rcfflus,
488 3665 526 3717 ac
551 3641 676 3719 mutuis
698 3663 805 3741 posset
832 3662 978 3717 comeare
990 3644 1124 3741 periclis

707 3744 743 3819 R
760 3770 781 3820 a
1061 3736 1168 3841 Quis·
