3259 4675
942 367 947 398 l

827 517 942 624 (κιο)

440 628 579 704 Carolus
602 622 762 700 ornandis
782 623 948 700 nimirum
971 633 1077 701 nome
1093 623 1226 722 Iberis,
1306 633 1328 648 ”

440 733 584 808 Carolus
610 730 795 805 Herculeos
823 728 934 803 audax
960 749 1112 826 superare
1137 729 1276 806 labores.

442 837 606 934 Angustae
632 859 755 908 mereas
779 832 896 908 Nurui
925 832 1017 932 quod
1045 853 1139 933 grata
1170 833 1303 925 videri,

442 941 522 1016 Hoc
539 937 638 1012 debes
663 939 795 1012 Socero.
812 935 913 1026 Quid
942 938 1010 1037 jam
1026 936 1216 1032 praeelarins
1235 957 1332 1037 optes

421 1035 519 1141 'Ipsa
547 1039 638 1130 tibi,
668 1060 802 1114 tantum
828 1067 933 1142 quam
961 1039 1009 1116 sic
1034 1041 1231 1139 impendere
1255 1069 1333 1118 mu-

546 1149 634 1218 nus?

492 1250 546 1324 Te
577 1271 717 1347 quoque
746 1244 869 1322 laetitiae
895 1245 1026 1349 reliqui
1059 1246 1264 1355 dominantis
1293 1248 1332 1326 in

548 1352 657 1440 urbe,

442 1451 552 1531 Musis
587 1479 675 1528 saera
705 1453 884 1546 Domus,
917 1453 980 1559 (ὓ)
1010 1453 1136 1555 Regali
1179 1455 1334 1555 proxima

547 1557 645 1648 sedi,
915 1646 917 1651 Δ
1122 1596 1126 1603 ’

440 1663 518 1738 Pars
556 1688 625 1736 non
657 1659 759 1760 piria
794 1659 898 1738 subit.
929 1659 1053 1738 Vicini
1080 1662 1142 1738 ad.
1159 1688 1336 1741 murmura

466 1801 471 1810 ·
545 1766 650 1854 sacri,
686 1831 700 1842 ,.
965 1831 968 1836 .
1029 1805 1032 1815 ·

442 1866 501 1944 Ad
519 1865 618 1944 festos
635 1867 720 1941 aulae
738 1864 916 1957 fremitus,
935 1870 1153 1970 Hymenaee,
1173 1870 1334 1962 canentis,

382 2035 385 2042 ,
443 1970 621 2047 Facundos
637 1997 874 2071 quoscumque
884 1969 958 2046 sinu
972 1971 1335 2071 complellere‘manes',
1366 1972 1375 1982 ’

441 2074 627 2148 Praesertim
644 2073 773 2154 afflatos
796 2074 928 2148 coelesti
957 2097 1070 2150 mente
1095 2082 1231 2175 poetas‘,
1261 2114 1267 2120 ·

442 2177 472 2251 E
494 2177 614 2268 loculis
636 2190 768 2268 surrexe
792 2176 887 2270 suis,
910 2197 944 2252 et
964 2181 1143 2256 ovantibus
1168 2182 1259 2256 ultro

443 2281 627 2381 Abrupisse
649 2282 763 2357 lerunt
786 2280 945 2358 diuturna
974 2283 1104 2360 silentia
1131 2284 1269 2387 linguis.

442 2385 567 2460 Laetior
594 2409 669 2463 ante
698 2386 779 2460 alios
805 2408 838 2459 et
864 2386 1028 2483 Apolline
1052 2388 1183 2487 plenior
1199 2416 1286 2465 unus

329 2518 332 2523 ·
442 2488 635 2565 Fatidicom
668 2490 728 2565 tali
755 2489 908 2586 profudit
933 2490 1080 2565 carmine
1105 2518 1245 2567 vocem:

443 2593 602 2669 Omnibus
629 2610 668 2667 nt
691 2591 805 2704 felin,
835 2595 982 2696 innuptis
1009 2598 1056 2670 sic
1085 2624 1202 2698 quoqne
1218 2598 1340 2674 Musis

495 2696 570 2771 Hic
584 2700 648 2771 erit
665 2695 821 2773 aetcnrrim
837 2694 1029 2802 (plaudite)
1034 2700 1184 2803 faustus
1195 2704 1338 2799 Hymen.

476 2980 513 3045 (⁰)
547 2980 709 3031 Bibliotheca
729 2980 823 3045 Regia.
